@article{panruiz2012,
title = "Local search methods for the flowshop scheduling problem with flowtime minimization ",
journal = "European Journal of Operational Research ",
volume = "222",
number = "1",
pages = "31 - 43",
year = "2012",
note = "",
issn = "0377-2217",
doi = "https://doi.org/10.1016/j.ejor.2012.04.034",
url = "http://www.sciencedirect.com/science/article/pii/S0377221712003426",
author = "Quan-Ke Pan and Rubén Ruiz",
keywords = "Scheduling",
keywords = "Flowshop",
keywords = "Flowtime",
keywords = "Local search",
keywords = "Metaheuristics "
}


@article{zhang2009,
title = "Hybrid genetic algorithm for permutation flowshop scheduling problems with total flowtime minimization ",
journal = "European Journal of Operational Research ",
volume = "196",
number = "3",
pages = "869 - 876",
year = "2009",
note = "",
issn = "0377-2217",
doi = "https://doi.org/10.1016/j.ejor.2008.04.033",
url = "http://www.sciencedirect.com/science/article/pii/S0377221708003925",
author = "Yi Zhang and Xiaoping Li and Qian Wang",
keywords = "Genetic algorithm",
keywords = "Permutation flowshop",
keywords = "Total flowtime",
keywords = "Scheduling "
}


@book{Lourenco2010,
  title={Handbook of metaheuristics},
  author={Gendreau, Michel and Potvin, Jean-Yves},
  volume={2},
  year={2010},
  page={363–397},
  publisher={Springer}
}

@article{liu2001,
  title={Constructive and composite heuristic solutions to the P//∑ Ci scheduling problem},
  author={Liu, Jiyin and Reeves, Colin R},
  journal={European Journal of Operational Research},
  volume={132},
  number={2},
  pages={439--452},
  year={2001},
  publisher={Elsevier}
}
